@Manual{R,
  title = {R: A Language and Environment for Statistical Computing},
  author = {{R Core Team}},
  organization = {R Foundation for Statistical Computing},
  address = {Vienna, Austria},
  year = {2012},
  note = {{ISBN} 3-900051-07-0},
  url = {http://www.R-project.org/},
}

@article{ihaka:1996,
  Author = {Ihaka, Ross and Gentleman, Robert},
	Journal = {Journal of Computational and Graphical Statistics},
	Number = 3,
	Pages = {299--314},
	Title = {R: A Language for Data Analysis and Graphics},
	Volume = 5,
	Year = 1996}

@Manual{R-FME,
  title = {FME: A Flexible Modelling Environment for Inverse Modelling,
    Sensitivity, Identifiability and Monte Carlo Analysis},
  author = {Karline Soetaert and Thomas Petzoldt},
  year = {2016},
  note = {R package version 1.3.5},
  url = {https://CRAN.R-project.org/package=FME},
}
@Manual{R-multisensi,
  title = {multisensi: Multivariate Sensitivity Analysis},
  author = {Caroline Bidot and Matieyendou Lamboni and Hervé Monod},
  year = {2018},
  note = {R package version 2.1-1},
  url = {https://CRAN.R-project.org/package=multisensi},
}
@Manual{R-ODEsensitivity,
  title = {ODEsensitivity: Sensitivity Analysis of Ordinary Differential Equations},
  author = {Frank Weber and Stefan Theers},
  year = {2019},
  note = {R package version 1.1.2},
  url = {https://CRAN.R-project.org/package=ODEsensitivity},
}
@Manual{R-sensitivity,
  title = {sensitivity: Global Sensitivity Analysis of Model Outputs},
  author = {Bertrand Iooss and Alexandre Janon and Gilles Pujol and with contributions from Khalid Boumhaout and Sebastien Da Veiga and Thibault Delage and Jana Fruth and Laurent Gilquin and Joseph Guillaume and Loic {Le Gratiet} and Paul Lemaitre and Barry L. Nelson and Filippo Monari and Roelof Oomen and Bernardo Ramos and Olivier Roustant and Eunhye Song and Jeremy Staum and Roman Sueur and Taieb Touati and Frank Weber},
  year = {2018},
  note = {R package version 1.15.1},
  url = {https://CRAN.R-project.org/package=sensitivity},
}
@Manual{R-mrgsolve,
  title = {mrgsolve: Simulate from ODE-Based Models},
  author = {Kyle T Baron},
  year = {2019},
  note = {R package version 0.9.1},
  url = {https://CRAN.R-project.org/package=mrgsolve},
}
@Manual{R-fast,
  title = {fast: Implementation of the Fourier Amplitude Sensitivity Test (FAST)},
  author = {Dominik Reusser},
  year = {2015},
  note = {R package version 0.64},
  url = {https://CRAN.R-project.org/package=fast},
}

@article{RJ-2015-031,
  author = {Juhui Wang and Robert Faivre and Hervé Richard and Hervé
    Monod},
  title = {{mtk: A General-Purpose and Extensible R Environment
    for Uncertainty and Sensitivity Analyses of Numerical
    Experiments}},
  year = {2015},
  journal = {{The R Journal}},
  pages = {206--226},
  volume = {7},
  number = {2},
  url = {https://doi.org/10.32614/RJ-2015-031}
}
@article{JSSv033i09,
  author = {Karline Soetaert and Thomas Petzoldt and R. Woodrow Setzer},
  title = {{Solving Differential Equations in R: Package deSolve}},
  journal = {Journal of Statistical Software},
  volume = {33},
  number = {9},
  year = {2010},
  keywords = {},
  pages = {1--25},
  url = {https://doi.org/10.18637/jss.v033.i09}
}
@article{JSSv079i04,
  author = {Robert Pearce and R. Woodrow Setzer and Cory Strope and Nisha Sipes and John Wambaugh},
  title = {{httk}: {R} Package for High-Throughput Toxicokinetics},
  journal = {Journal of Statistical Software},
  volume = {79},
  number = {4},
  year = {2017},
  keywords = {high-throughput; ToxCast; httk; toxicokinetics; pharmacokinetics},
  pages = {1--26},
  url = {https://doi.org/10.18637/jss.v079.i04}
}
@article{JSSv033i03,
  author = {Karline  Soetaert and Thomas Petzoldt},
  title = {{Inverse Modelling, Sensitivity and Monte Carlo Analysis in R Using Package FME}},
  journal = {Journal of Statistical Software},
  volume = {33},
  number = {3},
  year = {2010},
  keywords = {},
  pages = {1--28},
  url = {https://doi.org/10.18637/jss.v033.i03}
}

@article{fphar201800588,
  author = {Nan-Hung Hsieh and Brad Reisfeld and Frederic Y. Bois and Weihsueh A. Chiu},
  title = {Applying a Global Sensitivity Analysis Workflow to Improve the Computational Efficiencies in Physiologically-Based Pharmacokinetic Modeling},
  journal={Frontiers in Pharmacology},
  volume = {9},
  pages = {588},
  year = {2018},
  Keywords = {global sensitivity analysis, physiologically-based pharmacokinetic model, Bayesian, computational efficiency, parameter fixing},
  url = {https://doi.org/10.3389/fphar.2018.00588}
}
@article{s13318-015-0253-x,
  author = {Todd J. Zurlinden and Brad Reisfeld},
  title = {Physiologically based modeling of the pharmacokinetics of acetaminophen and its major metabolites in humans using a Bayesian population approach},
  journal={European Journal of Drug Metabolism and Pharmacokinetics},
  volume = {41},
  pages = {267--280},
  year = {2016},
  url = {https://doi.org/10.1007/s13318-015-0253-x}
}
@article{ferretti2016trends,
  title={Trends in sensitivity analysis practice in the last decade},
  author={F Ferretti and A. Saltelli and S. Tarantola},
  journal={Science of the Total Environment},
  volume={568},
  pages={666--670},
  year={2016},
  url = {https://doi.org/10.1016/j.scitotenv.2016.02.133}
}
@article{loizou2015application,
  title={The application of global sensitivity analysis in the development of a physiologically based pharmacokinetic model for m-xylene and ethanol co-exposure in humans},
  author={Loizou, George D and McNally, Kevin and Jones, Kate and Cocker, John},
  journal={Frontiers in Pharmacology},
  volume={6},
  pages={135},
  year={2015},
  publisher={Frontiers},
  url = {https://doi.org/10.3389/fphar.2015.00135}
}
@article{mcnally2012reconstruction,
  title={{Reconstruction of exposure to m-Xylene from human biomonitoring data using PBPK modelling, Bayesian inference, and Markov Chain Monte Carlo simulation}},
  author={McNally, Kevin and Cotton, Richard and Cocker, John and Jones, Kate and Bartels, Mike and Rick, David and Price, Paul and Loizou, George},
  journal={Journal of Toxicology},
  volume={2012},
  year={2012},
  publisher={Hindawi},
  url ={http://doi.org/10.1155/2012/760281}
}
@article{mcnally2011workflow,
  title={{A Workflow for Global Sensitivity Analysis of PBPK Models}},
  author={McNally, Kevin and Cotton, Richard and Loizou, George D},
  journal={Frontiers in Pharmacology},
  volume={2},
  pages={31},
  year={2011},
  publisher={Frontiers},
  url = {http://doi.org/10.3389/fphar.2011.00031}
}
@article{saltelli1999quantitative,
  title={A quantitative model-independent method for global sensitivity analysis of model output},
  author={Saltelli, Andrea and Tarantola, Stefano and Chan, KP-S},
  journal={Technometrics},
  volume={41},
  number={1},
  pages={39--56},
  year={1999},
  publisher={Taylor \& Francis},
  url = {http://doi.org/10.2307/1270993}
}
@article{sarrazin2016global,
  title={Global sensitivity analysis of environmental models: convergence and validation},
  author={Sarrazin, Fanny and Pianosi, Francesca and Wagener, Thorsten},
  journal={Environmental Modelling \& Software},
  volume={79},
  pages={135--152},
  year={2016},
  publisher={Elsevier},
  url = {https://doi.org/10.1016/j.envsoft.2016.02.005}
}
@article{bois2009gnu,
  title={{GNU MCSim: Bayesian statistical inference for SBML-coded systems biology models}},
  author={Bois, Fr{\'e}d{\'e}ric Y},
  journal={Bioinformatics},
  volume={25},
  number={11},
  pages={1453--1454},
  year={2009},
  publisher={Oxford University Press},
  url = {http://doi.org/10.1093/bioinformatics/btp162}
}
@article{jansen1999analysis,
  title={Analysis of variance designs for model output},
  author={Jansen, Michiel JW},
  journal={Computer Physics Communications},
  volume={117},
  number={1-2},
  pages={35--43},
  year={1999},
  publisher={Elsevier},
  url = {https://doi.org/10.1016/S0010-4655(98)00154-4}
}

@article{owen2013better,
  title={Better estimation of small Sobol'sensitivity indices},
author={Owen, Art B},
journal={ACM Transactions on Modeling and Computer Simulation (TOMACS)},
volume={23},
number={2},
pages={11},
year={2013},
publisher={ACM},
  url = {http://doi.org/10.1145/2457459.2457460}
  }
@article{wang2016tutorial,
  title={{A tutorial on RxODE: simulating differential equation pharmacometric models in R}},
  author={Wang, W and Hallow, KM and James, DA},
  journal={CPT: Pharmacometrics \& Systems Pharmacology},
  volume={5},
  number={1},
  pages={3--10},
  year={2016},
  publisher={Wiley Online Library},
  url = { https://doi.org/10.1002/psp4.12052}
}
@article{lamboni2011multivariate,
  title={Multivariate sensitivity analysis to measure global contribution of input factors in dynamic models},
  author={Lamboni, Matieyendou and Monod, Herv{\'e} and Makowski, David},
  journal={Reliability Engineering \& System Safety},
  volume={96},
  number={4},
  pages={450--459},
  year={2011},
  publisher={Elsevier},
  url = {https://doi.org/10.1016/j.ress.2010.12.002}
}
@article{zhang2015sobol,
  title={Sobol sensitivity analysis: a tool to guide the development and evaluation of systems pharmacology models},
  author={Zhang, X-Y and Trame, MN and Lesko, LJ and Schmidt, S},
  journal={CPT: Pharmacometrics \& Systems Pharmacology},
  volume={4},
  number={2},
  pages={69--79},
  year={2015},
  publisher={Wiley Online Library},
  url = {https://doi.org/10.1002/psp4.6}
}
@article{glen2012estimating,
  title={Estimating Sobol sensitivity indices using correlations},
  author={Glen, Graham and Isaacs, Kristin},
  journal={Environmental Modelling \& Software},
  volume={37},
  pages={157--166},
  year={2012},
  publisher={Elsevier},
  url = {https://doi.org/10.1016/j.envsoft.2012.03.014}
}
@article{ring2017identifying,
  title={Identifying populations sensitive to environmental chemicals by simulating toxicokinetic variability},
  author={Ring, Caroline L and Pearce, Robert G and Setzer, R Woodrow and Wetmore, Barbara A and Wambaugh, John F},
  journal={Environment International},
  volume={106},
  pages={105--118},
  year={2017},
  publisher={Elsevier},
  url = {http://doi.org/10.1016/j.envint.2017.06.004}
}
@article{chu2010quantitative,
  title={Quantitative optimal experimental design using global sensitivity analysis via quasi-linearization},
  author={Chu, Yunfei and Hahn, Juergen},
  journal={Industrial \& Engineering Chemistry Research},
  volume={49},
  number={17},
  pages={7782--7794},
  year={2010},
  publisher={ACS Publications},
  url = {https://doi.org/10.1021/ie9009827}
}
@article{cukier1973study,
  title={Study of the sensitivity of coupled reaction systems to uncertainties in rate coefficients. I Theory},
  author={Cukier, RI and Fortuin, CM and Shuler, Kurt E and Petschek, AG and Schaibly, JH},
  journal={The Journal of Chemical Physics},
  volume={59},
  number={8},
  pages={3873--3878},
  year={1973},
  publisher={AIP},
  url = {https://doi.org/10.1063/1.1680571}
}
@article{garcia2015identifiability,
  title={{Identifiability of PBPK models with applications to dimethylarsinic acid exposure}},
  author={Garcia, Ramon I and Ibrahim, Joseph G and Wambaugh, John F and Kenyon, Elaina M and Setzer, R Woodrow},
  journal={Journal of Pharmacokinetics and Pharmacodynamics},
  volume={42},
  number={6},
  pages={591--609},
  year={2015},
  publisher={Springer},
  url = {https://doi.org/10.1007/s10928-015-9424-2}
}	
@article{li2019integration,
  title={Integration of Food Animal Residue Avoidance Databank (FARAD) empirical methods for drug withdrawal interval determination with a mechanistic population-based interactive physiologically based pharmacokinetic (iPBPK) modeling platform: example for flunixin meglumine administration},
  author={Li, Miao and Cheng, Yi-Hsien and Chittenden, Jason T and Baynes, Ronald E and Tell, Lisa A and Davis, Jennifer L and Vickroy, Thomas W and Riviere, Jim E and Lin, Zhoumeng},
  journal={Archives of toxicology},
  pages={1--16},
  year={2019},
  publisher={Springer},
  url = {https://doi.org/10.1007/s00204-019-02464-z}
}
